@article{faiss,
  title={Billion-scale similarity search with GPUs},
  author={Johnson, Jeff and Douze, Matthijs and J{\'e}gou, Herv{\'e}},
  journal={arXiv preprint arXiv:1702.08734},
  year={2017}
}

@article{zhou2017places,
   title={Places: A 10 million Image Database for Scene Recognition},
   author={Zhou, Bolei and Lapedriza, Agata and Khosla, Aditya and Oliva, Aude and Torralba, Antonio},
   journal={IEEE Transactions on Pattern Analysis and Machine Intelligence},
   year={2017},
   publisher={IEEE}
 }
 
@article{molchanov2016pruning,
  title={Pruning convolutional neural networks for resource efficient transfer learning},
  author={Molchanov, Pavlo and Tyree, Stephen and Karras, Tero and Aila, Timo and Kautz, Jan},
  journal={arXiv preprint arXiv:1611.06440},
  volume={3},
  year={2016}
}

@article{sairam2018hsd,
  title={HSD-CNN: Hierarchically self decomposing CNN architecture using class specific filter sensitivity analysis},
  author={SaiRam, K and Mukherjee, Jayanta and Das, Partha Pratim and Patra, Amit and Michiels, Tom and Moons, Bert},
  journal={arXiv preprint arXiv:1811.04406},
  year={2018}
}

@inproceedings{guo2017pruning,
  title={Pruning convnets online for efficient specialist models},
  author={Guo, Jia and Potkonjak, Miodrag},
  booktitle={Proceedings of the IEEE Conference on Computer Vision and Pattern Recognition Workshops},
  pages={113--120},
  year={2017}
}

@article{chennupati2016hierarchical,
  title={Hierarchical decomposition of large deep networks},
  author={Chennupati, Sumanth and Sah, Shagan and Nooka, Sai and Ptucha, Raymond},
  journal={Electronic Imaging},
  volume={2016},
  number={19},
  pages={1--6},
  year={2016},
  publisher={Society for Imaging Science and Technology}
}

@inproceedings{nooka2016adaptive,
  title={Adaptive hierarchical classification networks},
  author={Nooka, Sai Prasad and Chennupati, Sumanth and Veerabhadra, Karthik and Sah, Shagan and Ptucha, Raymond},
  booktitle={2016 23rd International Conference on Pattern Recognition (ICPR)},
  pages={3578--3583},
  year={2016},
  organization={IEEE}
}

@inproceedings{guo2017pruning2,
  title={Pruning filters and classes: Towards on-device customization of convolutional neural networks},
  author={Guo, Jia and Potkonjak, Miodrag},
  booktitle={Proceedings of the 1st International Workshop on Deep Learning for Mobile Systems and Applications},
  pages={13--17},
  year={2017},
  organization={ACM}
}

@inproceedings{han2016eie,
  title={EIE: efficient inference engine on compressed deep neural network},
  author={Han, Song and Liu, Xingyu and Mao, Huizi and Pu, Jing and Pedram, Ardavan and Horowitz, Mark A and Dally, William J},
  booktitle={2016 ACM/IEEE 43rd Annual International Symposium on Computer Architecture (ISCA)},
  pages={243--254},
  year={2016},
  organization={IEEE}
}

@article{anwar2017structured,
  title={Structured pruning of deep convolutional neural networks},
  author={Anwar, Sajid and Hwang, Kyuyeon and Sung, Wonyong},
  journal={ACM Journal on Emerging Technologies in Computing Systems (JETC)},
  volume={13},
  number={3},
  pages={32},
  year={2017},
  publisher={ACM}
}

@InProceedings{Yu_2018_CVPR,
author = {Yu, Ruichi and Li, Ang and Chen, Chun-Fu and Lai, Jui-Hsin and Morariu, Vlad I. and Han, Xintong and Gao, Mingfei and Lin, Ching-Yung and Davis, Larry S.},
title = {NISP: Pruning Networks Using Neuron Importance Score Propagation},
booktitle = {The IEEE Conference on Computer Vision and Pattern Recognition (CVPR)},
month = {June},
year = {2018}
}

@InProceedings{He_2017_ICCV,
author = {He, Yihui and Zhang, Xiangyu and Sun, Jian},
title = {Channel Pruning for Accelerating Very Deep Neural Networks},
booktitle = {The IEEE International Conference on Computer Vision (ICCV)},
month = {Oct},
year = {2017}
}

@article{li2016pruning,
  title={Pruning filters for efficient convnets},
  author={Li, Hao and Kadav, Asim and Durdanovic, Igor and Samet, Hanan and Graf, Hans Peter},
  journal={arXiv preprint arXiv:1608.08710},
  year={2016}
}

@inproceedings{Wang2018StructuredPP,
  title={Structured Probabilistic Pruning for Convolutional Neural Network Acceleration},
  author={Huan Wang and Qiming Zhang and Yuehai Wang and Haoji Hu},
  booktitle={BMVC},
  year={2018}
}

@article{han2015deep,
  title={Deep compression: Compressing deep neural networks with pruning, trained quantization and huffman coding},
  author={Han, Song and Mao, Huizi and Dally, William J},
  journal={arXiv preprint arXiv:1510.00149},
  year={2015}
}

@article{hinton2015distilling,
  title={Distilling the knowledge in a neural network},
  author={Hinton, Geoffrey and Vinyals, Oriol and Dean, Jeff},
  journal={arXiv preprint arXiv:1503.02531},
  year={2015}
}

@article{krizhevsky2009learning,
  title={Learning multiple layers of features from tiny images},
  author={Krizhevsky, Alex and Hinton, Geoffrey and others},
  year={2009},
  publisher={Citeseer}
}

@inproceedings{Lin2017RuntimeNP,
  title={Runtime neural pruning},
  author={Lin, Ji and Rao, Yongming and Lu, Jiwen and Zhou, Jie},
  booktitle={Advances in Neural Information Processing Systems},
  pages={2181--2191},
  year={2017}
}

@inproceedings{Liu2018OnDemandDM,
  title={On-Demand Deep Model Compression for Mobile Devices: A Usage-Driven Model Selection Framework},
  author={Sicong Liu and Yingyan Lin and Zimu Zhou and Kaiming Nan and Hui Liu and Junzhao Du},
  booktitle={MobiSys},
  year={2018}
}

@article{roy2018tree,
  title={Tree-CNN: a hierarchical deep convolutional neural network for incremental learning},
  author={Roy, Deboleena and Panda, Priyadarshini and Roy, Kaushik},
  journal={arXiv preprint arXiv:1802.05800},
  year={2018}
}

@InProceedings{Yan_2015_ICCV,
author = {Yan, Zhicheng and Zhang, Hao and Piramuthu, Robinson and Jagadeesh, Vignesh and DeCoste, Dennis and Di, Wei and Yu, Yizhou},
title = {HD-CNN: Hierarchical Deep Convolutional Neural Networks for Large Scale Visual Recognition},
booktitle = {The IEEE International Conference on Computer Vision (ICCV)},
month = {December},
year = {2015}
}

@inproceedings{deng2009imagenet,
  title={Imagenet: A large-scale hierarchical image database},
  author={Deng, Jia and Dong, Wei and Socher, Richard and Li, Li-Jia and Li, Kai and Fei-Fei, Li},
  booktitle={2009 IEEE conference on computer vision and pattern recognition},
  pages={248--255},
  year={2009},
  organization={Ieee}
}

@article{simonyan2014very,
  title={Very deep convolutional networks for large-scale image recognition},
  author={Simonyan, Karen and Zisserman, Andrew},
  journal={arXiv preprint arXiv:1409.1556},
  year={2014}
}

@article{howard2017mobilenets,
  title={Mobilenets: Efficient convolutional neural networks for mobile vision applications},
  author={Howard, Andrew G and Zhu, Menglong and Chen, Bo and Kalenichenko, Dmitry and Wang, Weijun and Weyand, Tobias and Andreetto, Marco and Adam, Hartwig},
  journal={arXiv preprint arXiv:1704.04861},
  year={2017}
}

@inproceedings{philbin2007object,
  title={Object retrieval with large vocabularies and fast spatial matching},
  author={Philbin, James and Chum, Ondrej and Isard, Michael and Sivic, Josef and Zisserman, Andrew},
  booktitle={2007 IEEE Conference on Computer Vision and Pattern Recognition},
  pages={1--8},
  year={2007},
  organization={IEEE}
}

@inproceedings{jegou2010aggregating,
  title={Aggregating local descriptors into a compact image representation},
  author={J{\'e}gou, Herv{\'e} and Douze, Matthijs and Schmid, Cordelia and P{\'e}rez, Patrick},
  booktitle={CVPR 2010-23rd IEEE Conference on Computer Vision \& Pattern Recognition},
  pages={3304--3311},
  year={2010},
  organization={IEEE Computer Society}
}

@inproceedings{babenko2014neural,
  title={Neural codes for image retrieval},
  author={Babenko, Artem and Slesarev, Anton and Chigorin, Alexandr and Lempitsky, Victor},
  booktitle={European conference on computer vision},
  pages={584--599},
  year={2014},
  organization={Springer}
}

@article{zheng2017sift,
  title={SIFT meets CNN: A decade survey of instance retrieval},
  author={Zheng, Liang and Yang, Yi and Tian, Qi},
  journal={IEEE transactions on pattern analysis and machine intelligence},
  volume={40},
  number={5},
  pages={1224--1244},
  year={2017},
  publisher={IEEE}
}

@article{razavian2016visual,
  title={Visual instance retrieval with deep convolutional networks},
  author={Razavian, Ali S and Sullivan, Josephine and Carlsson, Stefan and Maki, Atsuto},
  journal={ITE Transactions on Media Technology and Applications},
  volume={4},
  number={3},
  pages={251--258},
  year={2016},
  publisher={The Institute of Image Information and Television Engineers}
}

@article{tolias2015particular,
  title={Particular object retrieval with integral max-pooling of CNN activations},
  author={Tolias, Giorgos and Sicre, Ronan and J{\'e}gou, Herv{\'e}},
  journal={arXiv preprint arXiv:1511.05879},
  year={2015}
}

@article{radenovic2018fine,
  title={Fine-tuning CNN image retrieval with no human annotation},
  author={Radenovi{\'c}, Filip and Tolias, Giorgos and Chum, Ond{\v{r}}ej},
  journal={IEEE transactions on pattern analysis and machine intelligence},
  volume={41},
  number={7},
  pages={1655--1668},
  year={2018},
  publisher={IEEE}
}

@inproceedings{jegou2012negative,
  title={Negative evidences and co-occurences in image retrieval: The benefit of PCA and whitening},
  author={J{\'e}gou, Herv{\'e} and Chum, Ond{\v{r}}ej},
  booktitle={European conference on computer vision},
  pages={774--787},
  year={2012},
  organization={Springer}
}

@inproceedings{indyk1998approximate,
  title={Approximate nearest neighbors: towards removing the curse of dimensionality},
  author={Indyk, Piotr and Motwani, Rajeev},
  booktitle={Proceedings of the thirtieth annual ACM symposium on Theory of computing},
  pages={604--613},
  year={1998},
  organization={ACM}
}

@inproceedings{weiss2009spectral,
  title={Spectral hashing},
  author={Weiss, Yair and Torralba, Antonio and Fergus, Rob},
  booktitle={Advances in neural information processing systems},
  pages={1753--1760},
  year={2009}
}

@inproceedings{liu2012supervised,
  title={Supervised hashing with kernels},
  author={Liu, Wei and Wang, Jun and Ji, Rongrong and Jiang, Yu-Gang and Chang, Shih-Fu},
  booktitle={2012 IEEE Conference on Computer Vision and Pattern Recognition},
  pages={2074--2081},
  year={2012},
  organization={IEEE}
}

@article{jegou2010product,
  title={Product quantization for nearest neighbor search},
  author={Jegou, Herve and Douze, Matthijs and Schmid, Cordelia},
  journal={IEEE transactions on pattern analysis and machine intelligence},
  volume={33},
  number={1},
  pages={117--128},
  year={2010},
  publisher={IEEE}
}

@article{ge2013optimized,
  title={Optimized product quantization},
  author={Ge, Tiezheng and He, Kaiming and Ke, Qifa and Sun, Jian},
  journal={IEEE transactions on pattern analysis and machine intelligence},
  volume={36},
  number={4},
  pages={744--755},
  year={2013},
  publisher={IEEE}
}

@article{wang2018composite,
  title={Composite quantization},
  author={Wang, Jingdong and Zhang, Ting},
  journal={IEEE transactions on pattern analysis and machine intelligence},
  volume={41},
  number={6},
  pages={1308--1322},
  year={2018},
  publisher={IEEE}
}

@article{malkov2018efficient,
  title={Efficient and robust approximate nearest neighbor search using hierarchical navigable small world graphs},
  author={Malkov, Yury A and Yashunin, Dmitry A},
  journal={IEEE transactions on pattern analysis and machine intelligence},
  year={2018},
  publisher={IEEE}
}